@inproceedings{gibbons2006datatype,
  title        = {Datatype-generic programming},
  author       = {Gibbons, Jeremy},
  booktitle    = {International Spring School on Datatype-Generic Programming},
  pages        = {1--71},
  year         = {2006},
  organization = {Springer}
}

@article{huet1997zipper,
  title     = {The zipper},
  author    = {Huet, G{\'e}rard},
  journal   = {Journal of functional programming},
  volume    = {7},
  number    = {5},
  pages     = {549--554},
  year      = {1997},
  publisher = {Cambridge University Press}
}

@article{miraldo2019efficient,
  title     = {An efficient algorithm for type-safe structural diffing},
  author    = {Miraldo, Victor Cacciari and Swierstra, Wouter},
  journal   = {Proceedings of the ACM on Programming Languages},
  volume    = {3},
  number    = {ICFP},
  pages     = {1--29},
  year      = {2019},
  publisher = {ACM New York, NY, USA}
}

@online{regular2022base,
  title   = {Type class capturing the structural representation of a type and the corresponding embedding-projection pairs},
  url     = {https://hackage.haskell.org/package/regular-0.3.4.4/docs/Generics-Regular-Base.html},
  urldate = {2022-04-28},
  author  = {Jose Pedro Magalhaes}
} 

@online{regular2022,
  title   = {Generic programming library for regular datatypes},
  url     = {https://hackage.haskell.org/package/regular},
  urldate = {2022-04-28},
  author  = {Jose Pedro Magalhaes}
} 

@article{rodriguez2008comparing,
  title={Comparing libraries for generic programming in Haskell},
  author={Rodriguez, Alexey and Jeuring, Johan and Jansson, Patrik and Gerdes, Alex and Kiselyov, Oleg and Oliveira, Bruno C d S},
  journal={ACM Sigplan Notices},
  volume={44},
  number={2},
  pages={111--122},
  year={2008},
  publisher={ACM New York, NY, USA}
}